@book{koza92,
		author    = "Koza, John R.",
		title     = "Genetic Programming: On the Programming of Computers by Means of Natural Selection",
		publisher = "MIT Press",
		year      = "1992"
}


@misc{ wiki:latex,
       author = "Wikipedia",
       title = "LaTeX --- Wikipedia{,} La enciclopedia libre",
       year = "2015",
       url = "https://es.wikipedia.org/w/index.php?title=LaTeX&oldid=84209252",
       note = "[Internet; descargado 30-septiembre-2015]"
}

@misc{ cancerweb:online,
        author = {},
        title = {¿Qué es el cáncer? - Instituto Nacional del Cáncer},
        howpublished = {\url{https://www.cancer.gov/espanol/cancer/naturaleza/que-es}},
        month = {},
        year = {},
        note = {[Accedido 06/13/2021]}
}

@misc{ cancerpulmon:online,
        author = {},
        title = {Cáncer de Pulmón: síntomas, diagnóstico y tratamiento. Clínica Universidad de Navarra},
        howpublished = {\url{https://www.cun.es/enfermedades-tratamientos/enfermedades/cancer-pulmon}},
        month = {},
        year = {},
        note = {[Accedido 06/13/2021]}
}

@misc{ cancerpulmon2:online,
        author = {},
        title = {¿Se puede descubrir el cáncer de pulmón en sus comienzos?},
        howpublished = {\url{https://www.cancer.org/es/cancer/cancer-de-pulmon/deteccion-diagnostico-clasificacion-por-etapas/deteccion.html}},
        month = {},
        year = {},
        note = {(Accessed on 06/13/2021)}
}

