@misc{licencias,
    author = {},
    title = {Lista de licencias con comentarios - Proyecto GNU - Free Software Foundation},
    howpublished = {\url{https://www.gnu.org/licenses/license-list.html}},
    year = {},
    note = {(Accessed on 07/05/2021)}
}